@misc{Lustre,
    author = {{OpenSFS}, {EOFS}},
    title = {About the Lustre File System},
    year = 2019,
    url = {http://lustre.org/about/},
    urldate = {2019-06-26}
}


@misc{NFS,
    author = {FreeBSD},
    title = {29.3. Network File System (NFS)},
    url = {https://www.freebsd.org/doc/handbook/network-nfs.html},
    urldate = {2019-06-26}
}

@misc{Sing,
    author={SyLabs},
    title = {Definition Files},
    url = {https://sylabs.io/guides/3.2/user-guide/},
    urldate = {2019-06-27}
}

@misc{Sing-Def,
    author={SyLabs},
    title = {Definition Files},
    url = {https://sylabs.io/guides/3.2/user-guide/definition_files.html},
    urldate = {2019-06-27}
}

